<?xml version="1.0" encoding="UTF-8"?><collection xmlns="http://www.loc.gov/MARC21/slim"><record><leader>00368nam--2200121-i-4500</leader><controlfield tag="001">000005670</controlfield><controlfield tag="002">20161230</controlfield><controlfield tag="005">20161230201026</controlfield><controlfield tag="008">060222s1000------------r-----000-0-eng-d</controlfield><datafield ind1=" " ind2=" " tag="100"><subfield code="a">Affonso, O.R., Ribeiro, L.P., Mitidieri, E</subfield></datafield><datafield ind1=" " ind2=" " tag="245"><subfield code="a">Paper electrophoresis. a review of methods and results</subfield></datafield><datafield ind1=" " ind2=" " tag="260"><subfield code="a">London, Elsevier Publishing Co., 1961. Xii + 463 P</subfield></datafield><datafield ind1=" " ind2=" " tag="852"><subfield code="a">16748</subfield></datafield></record></collection>